@article{10002012integrated,
  title={An integrated map of genetic variation from 1,092 human genomes},
  author={1000 Genomes Project Consortium and others},
  journal={Nature},
  volume={491},
  number={7422},
  pages={56--65},
  year={2012},
  publisher={Nature Publishing Group}
}

@article{alter2000singular,
  title={Singular value decomposition for genome-wide expression data processing and modeling},
  author={Alter, Orly and Brown, Patrick O and Botstein, David},
  journal={Proceedings of the National Academy of Sciences},
  volume={97},
  number={18},
  pages={10101--10106},
  year={2000},
  publisher={National Acad Sciences}
}

@article{altschul1990basic,
  title={Basic local alignment search tool},
  author={Altschul, Stephen F and Gish, Warren and Miller, Webb and Myers, Eugene W and Lipman, David J},
  journal={Journal of molecular biology},
  volume={215},
  number={3},
  pages={403--410},
  year={1990},
  publisher={Elsevier}
}

@inproceedings{andersen2006local,
  title={Local graph partitioning using pagerank vectors},
  author={Andersen, Reid and Chung, Fan and Lang, Kevin},
  booktitle={Foundations of Computer Science, 2006. FOCS'06. 47th Annual IEEE Symposium on},
  pages={475--486},
  publisher={IEEE},
  year={2006},
  @address={},
  organization={IEEE}
}

@inproceedings{bacardit2007automated,
  title={Automated alphabet reduction method with evolutionary algorithms for protein structure prediction},
  author={Bacardit, Jaume and Stout, Michael and Hirst, Jonathan D and Sastry, Kumara and Llor{\`a}, Xavier and Krasnogor, Natalio},
  booktitle={Proceedings of the 9th annual conference on Genetic and evolutionary computation},
  pages={346--353},
  year={2007},
  organization={ACM},
  publisher={IEEE}
}

@article{berger2013computational,
  title={Computational solutions for omics data},
  author={Berger, Bonnie and Peng, Jian and Singh, Mona},
  journal={Nature Reviews Genetics},
  volume={14},
  number={5},
  pages={333--346},
  year={2013},
  publisher={Nature Publishing Group}
}

@article{bolton2008pubchem,
  title={PubChem: integrated platform of small molecules and biological activities},
  author={Bolton, Evan E and Wang, Yanli and Thiessen, Paul A and Bryant, Stephen H},
  journal={Annual reports in computational chemistry},
  volume={4},
  pages={217--241},
  year={2008},
  publisher={Elsevier}
}

@article{bonfield2013compression,
  title={Compression of FASTQ and SAM format sequencing data},
  author={Bonfield, James K and Mahoney, Matthew V},
  year={2013}
}

@article{bredel2004chemogenomics,
  title={Chemogenomics: an emerging strategy for rapid target and drug discovery},
  author={Bredel, Markus and Jacoby, Edgar},
  journal={Nature Reviews Genetics},
  volume={5},
  number={4},
  pages={262--275},
  year={2004},
  publisher={Nature Publishing Group}
}

@article{buchfink2014fast,
  title={Fast and sensitive protein alignment using {DIAMOND}},
  author={Buchfink, Benjamin and Xie, Chao and Huson, Daniel H},
  journal={Nature methods},
  year={2015},
  volume={12},
  number={1},
  pages={59--60},
  publisher={Nature Publishing Group}
}

@article{budowski2010fragbag,
  title={{FragBag}, an accurate representation of protein structure, retrieves structural neighbors from the entire {PDB} quickly and accurately},
  author={Budowski-Tal, Inbal and Nov, Yuval and Kolodny, Rachel},
  journal={Proceedings of the National Academy of Sciences},
  volume={107},
  number={8},
  pages={3481--3486},
  year={2010},
  publisher={National Acad Sciences}
}

@article{bunke1998graph,
  title={A graph distance metric based on the maximal common subgraph},
  author={Bunke, Horst and Shearer, Kim},
  journal={Pattern recognition letters},
  volume={19},
  number={3},
  pages={255--259},
  year={1998},
  publisher={Elsevier}
}

@article{burge1998finding,
  title={Finding the genes in genomic DNA},
  author={Burge, Christopher B and Karlin, Samuel},
  journal={Current opinion in structural biology},
  volume={8},
  number={3},
  pages={346--354},
  year={1998},
  publisher={Elsevier}
}

@techreport{burrows1994block,
  title={A block-sorting lossless data compression algorithm},
  author={Burrows, Michael and Wheeler, David J},
  year={1994},
  institution={Digital Equipment Corporation},  
  publisher={Digital Equipment Corporation}
}



@article{cao2008maximum,
  title={A maximum common substructure-based algorithm for searching and predicting drug-like compounds},
  author={Cao, Yiqun and Jiang, Tao and Girke, Thomas},
  journal={Bioinformatics},
  volume={24},
  number={13},
  pages={i366--i374},
  year={2008},
  publisher={Oxford Univ Press}
}

@article{cao2013going,
  title={Going the distance for protein function prediction: a new distance metric for protein interaction networks},
  author={Cao, Mengfei and Zhang, Hao and Park, Jisoo and Daniels, Noah M and Crovella, Mark E and Cowen, Lenore J and Hescott, Benjamin},
  year={2013},
  journal={PLoS ONE},
  volume={8},
  number={10}
}

@article{candes2005decoding,
  title={Decoding by linear programming},
  author={Candes, Emmanuel J and Tao, Terence},
  journal={Information Theory, IEEE Transactions on},
  volume={51},
  number={12},
  pages={4203--4215},
  year={2005},
  publisher={IEEE}
}

@article{candes2006stable,
  title={Stable signal recovery from incomplete and inaccurate measurements},
  author={Candes, Emmanuel J and Romberg, Justin K and Tao, Terence},
  journal={Communications on pure and applied mathematics},
  volume={59},
  number={8},
  pages={1207--1223},
  year={2006},
  publisher={Wiley Online Library}
}

@article{chindelevitch2014exact,
  title={An exact arithmetic toolbox for a consistent and reproducible structural analysis of metabolic network models},
  author={Chindelevitch, Leonid and Trigg, Jason and Regev, Aviv and Berger, Bonnie},
  journal={Nature communications},
  volume={5},
  year={2014},
  publisher={Nature Publishing Group}
}

@unpublished{cho2015diffusion,
  author    = {Cho, Hyunghoon and Berger, Bonnie and Peng, Jian},
  title     = {Diffusion Component Analysis: Unraveling Functional Topology in Biological Networks},
  month    = {4},
  year      = {2015},
  note        = {arXiv:1504.02719v1 [q-bio.MN]},
  key         = {arXiv:1504.02719v1 [q-bio.MN]}
}

@article{conway2011succinct,
  title={Succinct data structures for assembling large genomes},
  author={Conway, Thomas C and Bromage, Andrew J},
  journal={Bioinformatics},
  volume={27},
  number={4},
  pages={479--486},
  year={2011},
  publisher={Oxford Univ Press}
}

@inproceedings{cordella2001improved,
  title={An improved algorithm for matching large graphs},
  author={Cordella, Luigi Pietro and Foggia, Pasquale and Sansone, Carlo and Vento, Mario},
  booktitle={3rd IAPR-TC15 workshop on graph-based representations in pattern recognition},
  pages={149--159},
  year={2001}
}

@article{daniels2013compressive,
  title={Compressive genomics for protein databases},
  author={Daniels, Noah M and Gallant, Andrew and Peng, Jian and Cowen, Lenore J and Baym, Michael and Berger, Bonnie},
  journal={Bioinformatics},
  volume={29},
  number={13},
  pages={i283--i290},
  year={2013},
  publisher={Oxford Univ Press}
}

@article{david2014host,
  title={Host lifestyle affects human microbiota on daily timescales},
  author={David, Lawrence A and Materna, Arne C and Friedman, Jonathan and Campos-Baptista, Maria I and Blackburn, Matthew C and Perrotta, Allison and Erdman, Susan E and Alm, Eric J},
  journal={Genome Biol},
  volume={15},
  number={7},
  pages={R8},
  year={2014}
}

@article{donoho2006compressed,
  title={Compressed sensing},
  author={Donoho, David L},
  journal={Information Theory, IEEE Transactions on},
  volume={52},
  number={4},
  pages={1289--1306},
  year={2006},
  publisher={IEEE}
}

@article{doshi2014comorbidity,
  title={Comorbidity clusters in autism spectrum disorders: an electronic health record time-series analysis},
  author={Doshi-Velez, Finale and Ge, Yaorong and Kohane, Isaac},
  journal={Pediatrics},
  volume={133},
  number={1},
  pages={e54--e63},
  year={2014},
  publisher={Am Acad Pediatrics}
}

@article{dunbrack1993backbone,
  title={Backbone-dependent rotamer library for proteins application to side-chain prediction},
  author={Dunbrack, Roland L and Karplus, Martin},
  journal={Journal of molecular biology},
  volume={230},
  number={2},
  pages={543--574},
  year={1993},
  publisher={Elsevier}
}

@article{dunbrack2002rotamer,
  title={Rotamer Libraries in the 21 st Century},
  author={Dunbrack, Roland L},
  journal={Current opinion in structural biology},
  volume={12},
  number={4},
  pages={431--440},
  year={2002},
  publisher={Elsevier}
}

@book{falconer1990fractal,
  title={Fractal geometry: mathematical foundations and applications},
  author={Falconer, Kenneth},
  year={1990},
  publisher={John Wiley \& Sons}
}

@inproceedings{ferhatosmanoglu2000vector,
  title={Vector approximation based indexing for non-uniform high dimensional data sets},
  author={Ferhatosmanoglu, Hakan and Tuncel, Ertem and Agrawal, Divyakant and El Abbadi, Amr},
  booktitle={Proceedings of the ninth international conference on Information and knowledge management},
  pages={202--209},
  year={2000},
  organization={ACM}
}

@inproceedings{ferragina2000opportunistic,
  title={Opportunistic data structures with applications},
  author={Ferragina, Paolo and Manzini, Giovanni},
  booktitle={Foundations of Computer Science, 2000. Proceedings. 41st Annual Symposium on},
  pages={390--398},
  year={2000},
  organization={IEEE},
  @address={}
}

@article{forsberg2012shared,
  title={The shared antibiotic resistome of soil bacteria and human pathogens},
  author={Forsberg, Kevin J and Reyes, Alejandro and Wang, Bin and Selleck, Elizabeth M and Sommer, Morten OA and Dantas, Gautam},
  journal={science},
  volume={337},
  number={6098},
  pages={1107--1111},
  year={2012},
  publisher={American Association for the Advancement of Science}
}

@article{frank2008gastrointestinal,
  title={Gastrointestinal microbiology enters the metagenomics era},
  author={Frank, Daniel N and Pace, Norman R},
  journal={Current opinion in gastroenterology},
  volume={24},
  number={1},
  pages={4--10},
  year={2008},
  publisher={LWW}
}

@article{gevers2014treatment,
  title={The treatment-naive microbiome in new-onset Crohn’s disease},
  author={Gevers, Dirk and Kugathasan, Subra and Denson, Lee A and V{\'a}zquez-Baeza, Yoshiki and Van Treuren, Will and Ren, Boyu and Schwager, Emma and Knights, Dan and Song, Se Jin and Yassour, Moran and others},
  journal={Cell host \& microbe},
  volume={15},
  number={3},
  pages={382--392},
  year={2014},
  publisher={Elsevier}
}

@article{gibrat1996surprising,
  title={Surprising similarities in structure comparison},
  author={Gibrat, Jean-Francois and Madej, Thomas and Bryant, Stephen H},
  journal={Current opinion in structural biology},
  volume={6},
  number={3},
  pages={377--385},
  year={1996},
  publisher={Elsevier}
}

@article{gillespie2002isolation,
  title={Isolation of antibiotics turbomycin A and B from a metagenomic library of soil microbial DNA},
  author={Gillespie, Doreen E and Brady, Sean F and Bettermann, Alan D and Cianciotto, Nicholas P and Liles, Mark R and Rondon, Michelle R and Clardy, Jon and Goodman, Robert M and Handelsman, Jo},
  journal={Applied and environmental microbiology},
  volume={68},
  number={9},
  pages={4301--4306},
  year={2002},
  publisher={Am Soc Microbiol}
}

@article{gire2014genomic,
  title={Genomic surveillance elucidates Ebola virus origin and transmission during the 2014 outbreak},
  author={Gire, Stephen K and Goba, Augustine and Andersen, Kristian G and Sealfon, Rachel SG and Park, Daniel J and Kanneh, Lansana and Jalloh, Simbirie and Momoh, Mambu and Fullah, Mohamed and Dudas, Gytis and others},
  journal={Science},
  volume={345},
  number={6202},
  pages={1369--1372},
  year={2014},
  publisher={American Association for the Advancement of Science}
}

@article{grassberger1984dimensions,
  title={Dimensions and entropies of strange attractors from a fluctuating dynamics approach},
  author={Grassberger, Peter and Procaccia, Itamar},
  journal={Physica D: Nonlinear Phenomena},
  volume={13},
  number={1},
  pages={34--54},
  year={1984},
  publisher={Elsevier}
}

@article{greenblum2012metagenomic,
  title={Metagenomic systems biology of the human gut microbiome reveals topological shifts associated with obesity and inflammatory bowel disease},
  author={Greenblum, Sharon and Turnbaugh, Peter J and Borenstein, Elhanan},
  journal={Proceedings of the National Academy of Sciences},
  volume={109},
  number={2},
  pages={594--599},
  year={2012},
  publisher={National Acad Sciences}
}

@article{grossi2005compressed,
  title={Compressed suffix arrays and suffix trees with applications to text indexing and string matching},
  author={Grossi, Roberto and Vitter, Jeffrey Scott},
  journal={SIAM Journal on Computing},
  volume={35},
  number={2},
  pages={378--407},
  year={2005},
  publisher={SIAM}
}

@article{hach2010mrsfast,
  title={mrsFAST: a cache-oblivious algorithm for short-read mapping},
  author={Hach, Faraz and Hormozdiari, Fereydoun and Alkan, Can and Hormozdiari, Farhad and Birol, Inanc and Eichler, Evan E and Sahinalp, S Cenk},
  journal={Nature methods},
  volume={7},
  number={8},
  pages={576--577},
  year={2010},
  publisher={Nature Publishing Group}
}

@article{hach2012scalce,
  title={SCALCE: boosting Sequence Compression Algorithms using Locally Consistent Encoding},
  author={Hach, Faraz and Numanagi{\'c}, Ibrahim and Alkan, Can and Sahinalp, S Cenk},
  journal={Bioinformatics},
  volume={28},
  number={23},
  pages={3051--3057},
  year={2012},
  publisher={Oxford University Press}
}

@article{harris2014wormbase,
  title={WormBase 2014: new views of curated biology},
  author={Harris, Todd W and Baran, Joachim and Bieri, Tamberlyn and Cabunoc, Abigail and Chan, Juancarlos and Chen, Wen J and Davis, Paul and Done, James and Grove, Christian and Howe, Kevin and others},
  journal={Nucleic acids research},
  volume={42},
  number={D1},
  pages={D789--D793},
  year={2014},
  publisher={Oxford Univ Press}
}

@article{hart2015inferring,
  title={Inferring biological tasks using Pareto analysis of high-dimensional data},
  author={Hart, Yuval and Sheftel, Hila and Hausser, Jean and Szekely, Pablo and Ben-Moshe, Noa Bossel and Korem, Yael and Tendler, Avichai and Mayo, Avraham E and Alon, Uri},
  journal={Nature methods},
  volume={12},
  number={3},
  pages={233--235},
  year={2015},
  publisher={Nature Publishing Group}
}

@inproceedings{heath2010genome,
  title={A genome compression algorithm supporting manipulation},
  author={Heath, Lenwood S and Hou, Ao-ping and Xia, Huadong and Zhang, Liqing},
  booktitle={Proc LSS Comput Syst Bioinform Conf},
  volume={9},
  pages={38--49},
  year={2010}
}

@article{hegyi1999relationship,
  title={The relationship between protein structure and function: a comprehensive survey with application to the yeast genome},
  author={Hegyi, Hedi and Gerstein, Mark},
  journal={Journal of molecular biology},
  volume={288},
  number={1},
  pages={147--164},
  year={1999},
  publisher={Elsevier}
}

@article{holm1995dali,
  title={Dali: a network tool for protein structure comparison},
  author={Holm, Liisa and Sander, Chris},
  journal={Trends in biochemical sciences},
  volume={20},
  number={11},
  pages={478--480},
  year={1995},
  publisher={Elsevier}
}

@article{horvath1999gastrointestinal,
  title={Gastrointestinal abnormalities in children with autistic disorder},
  author={Horvath, Karoly and Papadimitriou, John C and Rabsztyn, Anna and Drachenberg, Cinthia and Tildon, J Tyson},
  journal={The Journal of pediatrics},
  volume={135},
  number={5},
  pages={559--563},
  year={1999},
  publisher={Elsevier}
}

@article{horvath2002autistic,
  title={Autistic disorder and gastrointestinal disease},
  author={Horvath, Karoly and Perman, Jay A},
  journal={Current opinion in pediatrics},
  volume={14},
  number={5},
  pages={583--587},
  year={2002},
  publisher={LWW}
}

@article{huson2011integrative,
  title={Integrative analysis of environmental sequences using MEGAN4},
  author={Huson, Daniel H and Mitra, Suparna and Ruscheweyh, Hans-Joachim and Weber, Nico and Schuster, Stephan C},
  journal={Genome research},
  volume={21},
  number={9},
  pages={1552--1560},
  year={2011},
  publisher={Cold Spring Harbor Lab}
}

@article{huson2013poor,
  title={A poor man's {BLASTX}-high-throughput metagenomic protein database search using {PAUDA}},
  author={Huson, Daniel H and Xie, Chao},
  journal={Bioinformatics},
  pages={btt254},
  year={2013},
  publisher={Oxford Univ Press}
}

@article{illergaard2009structure,
  title={Structure is three to ten times more conserved than sequence—a study of structural response in protein cores},
  author={Illerg{\aa}rd, Kristoffer and Ardell, David H and Elofsson, Arne},
  journal={Proteins: Structure, Function, and Bioinformatics},
  volume={77},
  number={3},
  pages={499--508},
  year={2009},
  publisher={Wiley Online Library}
}

@inproceedings{indyk1998approximate,
  title={Approximate nearest neighbors: towards removing the curse of dimensionality},
  author={Indyk, Piotr and Motwani, Rajeev},
  booktitle={Proceedings of the thirtieth annual ACM symposium on Theory of computing},
  pages={604--613},
  year={1998},
  organization={ACM}
}

@phdthesis{jacobson1988succinct,
  title={Succinct static data structures},
  author={Jacobson, Guy Joseph},
  year={1988},
  school={Carnegie Mellon University}
}

@article{janda200716s,
  title={16S rRNA gene sequencing for bacterial identification in the diagnostic laboratory: pluses, perils, and pitfalls},
  author={Janda, J Michael and Abbott, Sharon L},
  journal={Journal of clinical microbiology},
  volume={45},
  number={9},
  pages={2761--2764},
  year={2007},
  publisher={Am Soc Microbiol}
}

@article{janin2013adaptive,
  title={Adaptive reference-free compression of sequence quality scores},
  author={Janin, Lilian and Rosone, Giovanna and Cox, Anthony J},
  journal={Bioinformatics},
  pages={btt257},
  year={2013},
  publisher={Oxford Univ Press}
}

@article{jardine1971use,
  title={The use of hierarchic clustering in information retrieval},
  author={Jardine, Nick and van Rijsbergen, Cornelis Joost},
  journal={Information storage and retrieval},
  volume={7},
  number={5},
  pages={217--240},
  year={1971},
  publisher={Elsevier}
}

@article{kahn2011future,
  title={On the future of genomic data},
  author={Kahn, Scott D},
  journal={Science(Washington)},
  volume={331},
  number={6018},
  pages={728--729},
  year={2011},
  publisher={American Association for the Advancement of Science, 1200 New York Avenue, NW Washington DC 20005 USA}
}

@article{kanehisa2000kegg,
  title={{KEGG}: kyoto encyclopedia of genes and genomes},
  author={Kanehisa, Minoru and Goto, Susumu},
  journal={Nucleic acids research},
  volume={28},
  number={1},
  pages={27--30},
  year={2000},
  publisher={Oxford Univ Press}
}

@article{kent2002blat,
  title={{BLAT}-the {BLAST}-like alignment tool},
  author={Kent, W James},
  journal={Genome research},
  volume={12},
  number={4},
  pages={656--664},
  year={2002},
  publisher={Cold Spring Harbor Lab}
}

@article{kurokawa2007comparative,
  title={Comparative metagenomics revealed commonly enriched gene sets in human gut microbiomes},
  author={Kurokawa, Ken and Itoh, Takehiko and Kuwahara, Tomomi and Oshima, Kenshiro and Toh, Hidehiro and Toyoda, Atsushi and Takami, Hideto and Morita, Hidetoshi and Sharma, Vineet K and Srivastava, Tulika P and others},
  journal={Dna Research},
  volume={14},
  number={4},
  pages={169--181},
  year={2007},
  publisher={Kazusa DNA Resh Ins}
}

@article{langille2013predictive,
  title={Predictive functional profiling of microbial communities using {16S} {rRNA} marker gene sequences},
  author={Langille, Morgan GI and Zaneveld, Jesse and Caporaso, J Gregory and McDonald, Daniel and Knights, Dan and Reyes, Joshua A and Clemente, Jose C and Burkepile, Deron E and Thurber, Rebecca L Vega and Knight, Rob and Huttenhower, Curtis},
  journal={Nature biotechnology},
  volume={31},
  number={9},
  pages={814--821},
  year={2013},
  publisher={Nature Publishing Group}
}

@article{langmead2012fast,
  title={Fast gapped-read alignment with Bowtie 2},
  author={Langmead, Ben and Salzberg, Steven L},
  journal={Nature methods},
  volume={9},
  number={4},
  pages={357--359},
  year={2012},
  publisher={Nature Publishing Group}
}

@article{li2009fast,
  title={Fast and accurate short read alignment with Burrows--Wheeler transform},
  author={Li, Heng and Durbin, Richard},
  journal={Bioinformatics},
  volume={25},
  number={14},
  pages={1754--1760},
  year={2009},
  publisher={Oxford Univ Press}
}

@article{liao2009isorankn,
  title={IsoRankN: spectral methods for global alignment of multiple protein networks},
  author={Liao, Chung-Shou and Lu, Kanghao and Baym, Michael and Singh, Rohit and Berger, Bonnie},
  journal={Bioinformatics},
  volume={25},
  number={12},
  pages={i253--i258},
  year={2009},
  publisher={Oxford Univ Press}
}

@article{linial1997global,
  title={Global self-organization of all known protein sequences reveals inherent biological signatures},
  author={Linial, Michal and Linial, Nathan and Tishby, Naftali and Yona, Golan},
  journal={Journal of molecular biology},
  volume={268},
  number={2},
  pages={539--556},
  year={1997},
  publisher={Academic Press}
}


@article{loh2012compressive,
  title={Compressive genomics},
  author={Loh, Po-Ru and Baym, Michael and Berger, Bonnie},
  journal={Nature biotechnology},
  volume={30},
  number={7},
  pages={627--630},
  year={2012},
  publisher={Nature Publishing Group}
}

@article{macfabe2012short,
  title={Short-chain fatty acid fermentation products of the gut microbiome: implications in autism spectrum disorders},
  author={MacFabe, Derrick F},
  journal={Microbial ecology in health and disease},
  volume={23},
  year={2012},
  publisher={Co-Action Publishing}
}

@article{mackelprang2011metagenomic,
  title={Metagenomic analysis of a permafrost microbial community reveals a rapid response to thaw},
  author={Mackelprang, Rachel and Waldrop, Mark P and DeAngelis, Kristen M and David, Maude M and Chavarria, Krystle L and Blazewicz, Steven J and Rubin, Edward M and Jansson, Janet K},
  journal={Nature},
  volume={480},
  number={7377},
  pages={368--371},
  year={2011},
  publisher={Nature Publishing Group}
}

@article{manichanh2006reduced,
  title={Reduced diversity of faecal microbiota in Crohn’s disease revealed by a metagenomic approach},
  author={Manichanh, Chaysavanh and Rigottier-Gois, Lionel and Bonnaud, Elian and Gloux, Karine and Pelletier, Eric and Frangeul, Lionel and Nalin, Renaud and Jarrin, Cyrille and Chardon, Patrick and Marteau, Phillipe and others},
  journal={Gut},
  volume={55},
  number={2},
  pages={205--211},
  year={2006},
  publisher={BMJ Publishing Group Ltd and British Society of Gastroenterology}
}

@article{marccais2011fast,
  title={A fast, lock-free approach for efficient parallel counting of occurrences of k-mers},
  author={Mar{\c{c}}ais, Guillaume and Kingsford, Carl},
  journal={Bioinformatics},
  volume={27},
  number={6},
  pages={764--770},
  year={2011},
  publisher={Oxford Univ Press}
}

@article{marx2013biology,
  title={Biology: The big challenges of big data},
  author={Marx, Vivien},
  journal={Nature},
  volume={498},
  number={7453},
  pages={255--260},
  year={2013},
  publisher={Nature Publishing Group}
}

@INPROCEEDINGS{manber93atext,
    author = {Udi Manber},
    title = {A Text Compression Scheme That Allows Fast Searching Directly In The Compressed File},
    booktitle = {ACM Transactions on Information Systems},
    year = {1993},
    pages = {124--136}
}

@article{marco2012gem,
  title={The GEM mapper: fast, accurate and versatile alignment by filtration},
  author={Marco-Sola, Santiago and Sammeth, Michael and Guig{\'o}, Roderic and Ribeca, Paolo},
  journal={Nature methods},
  volume={9},
  number={12},
  pages={1185--1188},
  year={2012},
  publisher={Nature Publishing Group}
}

@article{menke2008matt,
  title={Matt: local flexibility aids protein multiple structure alignment},
  author={Menke, Matthew and Berger, Bonnie and Cowen, Lenore},
  journal={PLoS computational biology},
  volume={4},
  number={1},
  pages={e10},
  year={2008},
  publisher={Public Library of Science}
}

@article{menke2010markov,
  title={Markov random fields reveal an N-terminal double beta-propeller motif as part of a bacterial hybrid two-component sensor system},
  author={Menke, Matt and Berger, Bonnie and Cowen, Lenore},
  journal={Proceedings of the National Academy of Sciences},
  volume={107},
  number={9},
  pages={4069--4074},
  year={2010},
  publisher={National Acad Sciences}
}

@article{misra2002interactive,
  title={Interactive exploration of microarray gene expression patterns in a reduced dimensional space},
  author={Misra, Jatin and Schmitt, William and Hwang, Daehee and Hsiao, Li-Li and Gullans, Steve and Stephanopoulos, George and Stephanopoulos, Gregory},
  journal={Genome research},
  volume={12},
  number={7},
  pages={1112--1120},
  year={2002},
  publisher={Cold Spring Harbor Lab}
}

@article{murphy2000simplified,
  title={Simplified amino acid alphabets for protein fold recognition and implications for folding},
  author={Murphy, Lynne Reed and Wallqvist, Anders and Levy, Ronald M},
  journal={Protein Engineering},
  volume={13},
  number={3},
  pages={149--152},
  year={2000},
  publisher={Oxford Univ Press}
}

@inproceedings{navarro2001faster,
  title={Faster approximate string matching over compressed text},
  author={Navarro, Gonzalo and Kida, Takuya and Takeda, Masayuki and Shinohara, Ayumi and Arikawa, Setsuo},
  booktitle={Data Compression Conference, 2001. Proceedings. DCC 2001.},
  pages={459--468},
  year={2001},
  organization={IEEE}
}

@article{needleman1970general,
  title={A general method applicable to the search for similarities in the amino acid sequence of two proteins},
  author={Needleman, Saul B and Wunsch, Christian D},
  journal={Journal of molecular biology},
  volume={48},
  number={3},
  pages={443--453},
  year={1970},
  publisher={Elsevier}
}

@article{nepomnyachiy2014global,
  title={Global view of the protein universe},
  author={Nepomnyachiy, Sergey and Ben-Tal, Nir and Kolodny, Rachel},
  journal={Proceedings of the National Academy of Sciences},
  volume={111},
  number={32},
  pages={11691--11696},
  year={2014},
  publisher={National Acad Sciences}
}

@article{nguyen2002tumor,
  title={Tumor classification by partial least squares using microarray gene expression data},
  author={Nguyen, Danh V and Rocke, David M},
  journal={Bioinformatics},
  volume={18},
  number={1},
  pages={39--50},
  year={2002},
  publisher={Oxford Univ Press}
}

@article{ochoa2013qualcomp,
  title={QualComp: a new lossy compressor for quality scores based on rate distortion theory},
  author={Ochoa, Idoia and Asnani, Himanshu and Bharadia, Dinesh and Chowdhury, Mainak and Weissman, Tsachy and Yona, Golan},
  journal={BMC bioinformatics},
  volume={14},
  number={1},
  pages={187},
  year={2013},
  publisher={BioMed Central Ltd}
}

@incollection{oechslin2003making,
  title={Making a faster cryptanalytic time-memory trade-off},
  author={Oechslin, Philippe},
  booktitle={Advances in Cryptology-CRYPTO 2003},
  pages={617--630},
  year={2003},
  publisher={Springer}
}

@techreport{page1999pagerank,
          number = {1999-66},
           month = {November},
          author = {Lawrence Page and Sergey Brin and Rajeev Motwani and Terry Winograd},
            note = {Previous number = SIDL-WP-1999-0120},
           title = {The PageRank Citation Ranking: Bringing Order to the Web.},
            type = {Technical Report},
       publisher = {Stanford InfoLab},
            year = {1999},
     institution = {Stanford InfoLab},
             url = {http://ilpubs.stanford.edu:8090/422/},
        abstract = {The importance of a Web page is an inherently subjective matter, which depends on the readers interests, knowledge and attitudes. But there is still much that can be said objectively about the relative importance of Web pages. This paper describes PageRank, a mathod for rating Web pages objectively and mechanically, effectively measuring the human interest and attention devoted to them. We compare PageRank to an idealized random Web surfer. We show how to efficiently compute PageRank for large numbers of pages. And, we show how to apply PageRank to search and to user navigation.}
}


@article{patro2015data,
author = {Patro, Rob and Kingsford, Carl}, 
title = {Data-dependent Bucketing Improves Reference-free Compression of Sequencing Reads},
year = {2015}, 
doi = {10.1093/bioinformatics/btv248}, 
URL = {http://bioinformatics.oxfordjournals.org/content/early/2015/04/23/bioinformatics.btv248.abstract}, 
eprint = {http://bioinformatics.oxfordjournals.org/content/early/2015/04/23/bioinformatics.btv248.full.pdf+html}, 
journal = {Bioinformatics} 
}

@inproceedings{perez2005approximate,
  title={Approximate Searching on Compressed Text},
  author={P{\'e}rez, Carlos Avenda{\~n}o and Uribe, Claudia Feregrino},
  booktitle={Electronics, Communications and Computers, 2005. CONIELECOMP 2005. Proceedings. 15th International Conference on},
  pages={258--261},
  year={2005},
  organization={IEEE}
}

@article{peterson2009reduced,
  title={Reduced amino acid alphabets exhibit an improved sensitivity and selectivity in fold assignment},
  author={Peterson, Eric L and Kondev, Jan{\'e} and Theriot, Julie A and Phillips, Rob},
  journal={Bioinformatics},
  volume={25},
  number={11},
  pages={1356--1362},
  year={2009},
  publisher={Oxford Univ Press}
}

@article{prat2011recovering,
  title={Recovering key biological constituents through sparse representation of gene expression},
  author={Prat, Yosef and Fromer, Menachem and Linial, Nathan and Linial, Michal},
  journal={Bioinformatics},
  volume={27},
  number={5},
  pages={655--661},
  year={2011},
  publisher={Oxford University Press}
}

@article{pruitt2005ncbi,
  title={{NCBI} Reference Sequence ({RefSeq}): a curated non-redundant sequence database of genomes, transcripts and proteins},
  author={Pruitt, Kim D and Tatusova, Tatiana and Maglott, Donna R},
  journal={Nucleic acids research},
  volume={33},
  number={suppl 1},
  pages={D501--D504},
  year={2005},
  publisher={Oxford Univ Press}
}

@article{rahman2009small,
  title={Small Molecule Subgraph Detector ({SMSD}) toolkit},
  author={Rahman, Syed Asad and Bashton, Matthew and Holliday, Gemma L and Schrader, Rainer and Thornton, Janet M},
  journal={Journal of Cheminformatics},
  volume={1},
  number={1},
  pages={1--13},
  year={2009},
  publisher={Springer}
}

@article{ramaswamy2011adaptive,
  title={Adaptive cluster distance bounding for high-dimensional indexing},
  author={Ramaswamy, Sharadh and Rose, Kenneth},
  journal={Knowledge and Data Engineering, IEEE Transactions on},
  volume={23},
  number={6},
  pages={815--830},
  year={2011},
  publisher={IEEE}
}

@inproceedings{raychaudhuri2000principal,
  title={Principal components analysis to summarize microarray experiments: application to sporulation time series},
  author={Raychaudhuri, Soumya and Stuart, Joshua M and Altman, Russ B and others},
  booktitle={Pac Symp Biocomput},
  volume={5},
  pages={455--466},
  year={2000},
  organization={World Scientific}
}

@article{sayers2011database,
  title={Database resources of the national center for biotechnology information},
  author={Sayers, Eric W and Barrett, Tanya and Benson, Dennis A and Bolton, Evan and Bryant, Stephen H and Canese, Kathi and Chetvernin, Vyacheslav and Church, Deanna M and DiCuccio, Michael and Federhen, Scott and others},
  journal={Nucleic acids research},
  volume={39},
  number={suppl 1},
  pages={D38--D51},
  year={2011},
  publisher={Oxford Univ Press}
}

@article{schaeffer2007graph,
  title={Graph clustering},
  author={Schaeffer, Satu Elisa},
  journal={Computer Science Review},
  volume={1},
  number={1},
  pages={27--64},
  year={2007},
  publisher={Elsevier}
}

@article{schatz2010cloud,
  title={Cloud computing and the DNA data race},
  author={Schatz, Michael C and Langmead, Ben and Salzberg, Steven L},
  journal={Nature biotechnology},
  volume={28},
  number={7},
  pages={691--693},
  year={2010},
  publisher={Nature Publishing Group}
}

@article{segata2012metagenomic,
  title={Metagenomic microbial community profiling using unique clade-specific marker genes},
  author={Segata, Nicola and Waldron, Levi and Ballarini, Annalisa and Narasimhan, Vagheesh and Jousson, Olivier and Huttenhower, Curtis},
  journal={Nature methods},
  volume={9},
  number={8},
  pages={811--814},
  year={2012},
  publisher={Nature Publishing Group}
}

@article{shindyalov1998protein,
  title={Protein structure alignment by incremental combinatorial extension ({CE}) of the optimal path.},
  author={Shindyalov, Ilya N and Bourne, Philip E},
  journal={Protein engineering},
  volume={11},
  number={9},
  pages={739--747},
  year={1998},
  publisher={Oxford Univ Press}
}

@article{singh2008global,
  title={Global alignment of multiple protein interaction networks with application to functional orthology detection},
  author={Singh, Rohit and Xu, Jinbo and Berger, Bonnie},
  journal={Proceedings of the National Academy of Sciences},
  volume={105},
  number={35},
  pages={12763--12768},
  year={2008},
  publisher={National Acad Sciences}
}

@article{siragusa2013fast,
  title={Fast and accurate read mapping with approximate seeds and multiple backtracking},
  author={Siragusa, Enrico and Weese, David and Reinert, Knut},
  journal={Nucleic acids research},
  volume={41},
  number={7},
  pages={e78--e78},
  year={2013},
  publisher={Oxford Univ Press}
}

@article{stephens2015big,
  title={Big Data: Astronomical or Genomical?},
  author={Stephens, Zachary D and Lee, Skylar Y and Faghri, Faraz and Campbell, Roy H and Zhai, Chengxiang and Efron, Miles J and Iyer, Ravishankar and Schatz, Michael C and Sinha, Saurabh and Robinson, Gene E},
  journal={PLoS Biol},
  volume={13},
  number={7},
  pages={e1002195},
  year={2015},
  publisher={Public Library of Science}
}

@article{subbiah1993structural,
  title={Structural similarity of {DNA}-binding domains of bacteriophage repressors and the globin core},
  author={Subbiah, S and Laurents, DV and Levitt, M},
  journal={Current Biology},
  volume={3},
  number={3},
  pages={141--148},
  year={1993},
  publisher={Elsevier}
}

@article{tao2008product,
  title={Product set estimates for non-commutative groups},
  author={Tao, Terence},
  journal={Combinatorica},
  volume={28},
  number={5},
  pages={547--594},
  year={2008},
  publisher={Springer}
}

@article{turnbaugh2007human,
  title={The human microbiome project: exploring the microbial part of ourselves in a changing world},
  author={Turnbaugh, Peter J and Ley, Ruth E and Hamady, Micah and Fraser-Liggett, Claire and Knight, Rob and Gordon, Jeffrey I},
  journal={Nature},
  volume={449},
  number={7164},
  pages={804},
  year={2007},
  publisher={NIH Public Access}
}

@article{turnbaugh2006obesity,
  title={An obesity-associated gut microbiome with increased capacity for energy harvest},
  author={Turnbaugh, Peter J and Ley, Ruth E and Mahowald, Michael A and Magrini, Vincent and Mardis, Elaine R and Gordon, Jeffrey I},
  journal={Nature},
  volume={444},
  number={7122},
  pages={1027--131},
  year={2006},
  publisher={Nature Publishing Group}
}

@article{tweedie2009flybase,
  title={FlyBase: enhancing Drosophila gene ontology annotations},
  author={Tweedie, Susan and Ashburner, Michael and Falls, Kathleen and Leyland, Paul and McQuilton, Peter and Marygold, Steven and Millburn, Gillian and Osumi-Sutherland, David and Schroeder, Andrew and Seal, Ruth and others},
  journal={Nucleic acids research},
  volume={37},
  number={suppl 1},
  pages={D555--D559},
  year={2009},
  publisher={Oxford Univ Press}
}

@article{tyson2004community,
  title={Community structure and metabolism through reconstruction of microbial genomes from the environment},
  author={Tyson, Gene W and Chapman, Jarrod and Hugenholtz, Philip and Allen, Eric E and Ram, Rachna J and Richardson, Paul M and Solovyev, Victor V and Rubin, Edward M and Rokhsar, Daniel S and Banfield, Jillian F},
  journal={Nature},
  volume={428},
  number={6978},
  pages={37--43},
  year={2004},
  publisher={Nature Publishing Group}
}

@article{uhlmann1991satisfying,
  title={Satisfying general proximity/similarity queries with metric trees},
  author={Uhlmann, Jeffrey K},
  journal={Information processing letters},
  volume={40},
  number={4},
  pages={175--179},
  year={1991},
  publisher={Elsevier}
}

@article{ukkonen1985algorithms,
  title={Algorithms for approximate string matching},
  author={Ukkonen, Esko},
  journal={Information and control},
  volume={64},
  number={1},
  pages={100--118},
  year={1985},
  publisher={Elsevier}
}

@inproceedings{weber1998quantitative,
  title={A quantitative analysis and performance study for similarity-search methods in high-dimensional spaces},
  author={Weber, Roger and Schek, Hans-J{\"o}rg and Blott, Stephen},
  booktitle={VLDB},
  volume={98},
  pages={194--205},
  year={1998}
}

@article{wood2014kraken,
  title={Kraken: ultrafast metagenomic sequence classification using exact alignments},
  author={Wood, Derrick and Salzberg, Steven},
  journal={Genome Biol},
  volume={15},
  number={3},
  pages={R46},
  year={2014}
}

@article{xu2006fast,
  title={Fast and accurate algorithms for protein side-chain packing},
  author={Xu, Jinbo and Berger, Bonnie},
  journal={Journal of the ACM (JACM)},
  volume={53},
  number={4},
  pages={533--557},
  year={2006},
  publisher={ACM}
}

@article{zhao2012rapsearch2,
  title={{RAPSearch2}: a fast and memory-efficient protein similarity search tool for next-generation sequencing data},
  author={Zhao, Yongan and Tang, Haixu and Ye, Yuzhen},
  journal={Bioinformatics},
  volume={28},
  number={1},
  pages={125--126},
  year={2012},
  publisher={Oxford Univ Press}
}

@article{ye2004fatcat,
  title={FATCAT: a web server for flexible structure comparison and structure similarity searching},
  author={Ye, Yuzhen and Godzik, Adam},
  journal={Nucleic acids research},
  volume={32},
  number={suppl 2},
  pages={W582--W585},
  year={2004},
  publisher={Oxford Univ Press}
}

@article{yeung2001principal,
  title={Principal component analysis for clustering gene expression data},
  author={Yeung, Ka Yee and Ruzzo, Walter L.},
  journal={Bioinformatics},
  volume={17},
  number={9},
  pages={763--774},
  year={2001},
  publisher={Oxford Univ Press}
}

@article{yona1999protomap,
  title={ProtoMap: automatic classification of protein sequences, a hierarchy of protein families, and local maps of the protein space},
  author={Yona, Golan and Linial, Nathan and Linial, Michal},
  journal={Proteins: Structure, Function, and Bioinformatics},
  volume={37},
  number={3},
  pages={360--378},
  year={1999},
  publisher={Wiley Online Library}
}

@article{yorukoglu2015compressive,
  title={Compressive Mapping for Next-generation Sequencing},
  author={Yorukoglu, Deniz and Yu, Y William and Peng, Jian and Berger, Bonnie},
  journal={unpublished},
  volume={},
  number={},
  pages={},
  year={2015},
  publisher={}
}

@article{yu2015entropy,
  title={Entropy-scaling search of massive biological data},
  author={Yu, Y William and Daniels, Noah and Danko, David Christian and Berger, Bonnie},
  journal={Cell Systems},
  volume={},
  number={},
  pages={},
  year={2015},
  publisher={Elsevier}
}

@article{yu2015quality,
  title={Quality score compression improves genotyping accuracy},
  author={Yu, Y William and Yorukoglu, Deniz and Peng, Jian and Berger, Bonnie},
  journal={Nature Biotechnology},
  volume={33},
  number={3},
  pages={240--243},
  year={2015},
  publisher={Nature Publishing Group}
}

@article{zhang2011practical,
  title={A practical comparison of de novo genome assembly software tools for next-generation sequencing technologies},
  author={Zhang, Wenyu and Chen, Jiajia and Yang, Yang and Tang, Yifei and Shang, Jing and Shen, Bairong},
  journal={PloS one},
  volume={6},
  number={3},
  pages={e17915},
  year={2011},
  publisher={Public Library of Science}
}